<?xml version="1.0" encoding="UTF-8"?><collection xmlns="http://www.loc.gov/MARC21/slim"><record><leader>00349nam--2200133-i-4500</leader><controlfield tag="001">000018991</controlfield><controlfield tag="002">20161230</controlfield><controlfield tag="005">20161230201033</controlfield><controlfield tag="008">060222s1000------------r-----000-0-eng-d</controlfield><datafield ind1=" " ind2=" " tag="100"><subfield code="a">Constantinescu, Florin</subfield></datafield><datafield ind1=" " ind2=" " tag="245"><subfield code="a">Magyari, eugen</subfield></datafield><datafield ind1=" " ind2=" " tag="260"><subfield code="a">Mecanica Cuantica.Probleme</subfield></datafield><datafield ind1=" " ind2=" " tag="490"><subfield code="a">Bucuresti, Editura Tehnica, 1968. 436 P</subfield></datafield><datafield ind1=" " ind2=" " tag="852"><subfield code="a">530.145.6(076)</subfield></datafield></record></collection>